%% LaTeX2e file `main.bib'
%% generated by the `filecontents' environment
%% from source `main' on 2015/12/08.
%%
@misc{*cite*,
title = {{*Titel*}},
howpublished = {\url{*url*}},
note = {Zugegriffen: *Datum*},
}
